
@misc{pentium-m,
	author = {Intel},
	title = {Intel Pentium Mobile Processor},
	month = apr,
	year = {2012},
	url = {http://ark.intel.com/products/family/41878/Intel-Pentium-Mobile-Processor}
}

@article{ettus,
 title = {Universal Software Radio Peripheral},
 author = {Matt Ettus},
 url = {http://www.ettus.com}
}

article{sora,
 author = {Tan, Kun and Liu, He and Zhang, Jiansong and Zhang, Yongguang and Fang, Ji and Voelker, Geoffrey M.},
 title = {Sora: high-performance software radio using general-purpose multi-core processors},
 journal = {Commun. ACM},
 issue_date = {January 2011},
 volume = {54},
 number = {1},
 month = jan,
 year = {2011},
 issn = {0001-0782},
 pages = {99--107},
 numpages = {9},
 url = {http://doi.acm.org/10.1145/1866739.1866760},
 doi = {10.1145/1866739.1866760},
 acmid = {1866760},
 publisher = {ACM},
 address = {New York, NY, USA},
}

@inproceedings{sora,
 author = {Kun Tan and Jiansong Zhang and Ji Fang and He Liu and Yusheng Ye and Shen Wang and Yongguang Zhang and Haitao Wu and Wei Wang and Geoffrey Voelker},
 title = {Sora: high-performance software radio using general-purpose multi-core processors},
 booktitle = {Proceedings of the 6th USENIX Symposium on Networked Systems Design and Implementation 2009},
 series = {(NSDI '09)},
}

@INPROCEEDINGS{kuar,
author={Minden, G.J. and Evans, J.B. and Searl, L. and DePardo, D. and Petty, V.R. and Rajbanshi, R. and Newman, T. and Chen, Q. and Weidling, F. and Guffey, J. and Datla, D. and Barker, B. and Peck, M. and Cordill, B. and Wyglinski, A.M. and Agah, A.}, 
title={KUAR: A Flexible Software-Defined Radio Development Platform}, 
booktitle = {2nd IEEE International Symposium on New Frontiers in Dynamic Spectrum Access Networks 2007}, 
series = {(DySPAN '07)},
volume={}, 
number={}, 
keywords={KUAR;Kansas University Agile Radio;cognitive radios;dynamic spectrum access;flexible software-defined radio;radio configurations;wireless radio networks;cognitive radio;software radio;}, 
doi={10.1109/DYSPAN.2007.62}, 
ISSN={},}

@inproceedings{schmid-latency,
 author = {Schmid, Thomas and Sekkat, Oussama and Srivastava, Mani B.},
 title = {An experimental study of network performance impact of increased latency in software-defined radios},
 booktitle = {Proceedings of the 2nd ACM Workshop on Wireless Network Testbeds, Experimental Evaluation and Characterization 2007},
 series = {(WinTECH '07)},
 OPTisbn = {978-1-59593-738-4},
 OPTlocation = {Montreal, Quebec, Canada},
 OPTpages = {59--66},
 OPTnumpages = {8},
 OPTurl = {http://doi.acm.org/10.1145/1287767.1287779},
 OPTdoi = {10.1145/1287767.1287779},
 OPTacmid = {1287779},
 OPTpublisher = {ACM},
 OPTaddress = {New York, NY, USA},
 OPTkeywords = {GNU radio, IEEE 802.15.4, software defined radio},
}

@inproceedings{soda,
 author = {Lin, Yuan and Lee, Hyunseok and Woh, Mark and Harel, Yoav and Mahlke, Scott and Mudge, Trevor and Chakrabarti, Chaitali and Flautner, Krisztian},
 title = {SODA: A Low-power Architecture For Software Radio},
 booktitle = {Proceedings of the 33rd International Symposium on Computer Architecture 2006},
 series = {(ISCA '06)},
 OPTisbn = {0-7695-2608-X},
 OPTnumpages = {13},
 OPTurl = {http://doi.acm.org/10.1145/1150019.1136494},
 OPTdoi = {10.1109/ISCA.2006.37},
 OPTacmid = {1136494},
 OPTpublisher = {IEEE Computer Society},
 OPTaddress = {Washington, DC, USA},
}

@inproceedings{dutta-low-cal,
 author = {Dutta, Prabal and Kuo, Ye-Sheng and Ledeczi, Akos and Schmid, Thomas and Volgyesi, Peter},
 title = {Putting the software radio on a low-calorie diet},
 booktitle = {Proceedings of the 9th ACM SIGCOMM Workshop on Hot Topics in Networks 2010},
 series = {(Hotnets '10)},
 isbn = {978-1-4503-0409-2},
 location = {Monterey, California},
 articleno = {20},
 numpages = {6},
 url = {http://doi.acm.org/10.1145/1868447.1868467},
 doi = {10.1145/1868447.1868467},
 acmid = {1868467},
 keywords = {energy-efficiency, low-power communications, software defined radios, wireless sensor networks},
}

@inproceedings{airblue,
 author = {Ng, Man Cheuk and Fleming, Kermin Elliott and Vutukuru, Mythili and Gross, Samuel and Arvind and Balakrishnan, Hari},
 title = {Airblue: a system for cross-layer wireless protocol development},
 booktitle = {Proceedings of the 6th ACM/IEEE Symposium on Architectures for Networking and Communications Systems},
 series = {ANCS '10},
 year = {2010},
 isbn = {978-1-4503-0379-8},
 location = {La Jolla, California},
 pages = {4:1--4:11},
 articleno = {4},
 numpages = {11},
 url = {http://doi.acm.org/10.1145/1872007.1872013},
 doi = {10.1145/1872007.1872013},
 acmid = {1872013},
 publisher = {ACM},
 address = {New York, NY, USA},
 keywords = {Airblue, Bluespec, architecture, cross-layer, software-defined radio, wireless},
}

@article{warp-demo,
 author = {Khattab, Ahmed and Camp, Joseph and Hunter, Chris and Murphy, Patrick and Sabharwal, Ashutosh and Knightly, Edward W.},
 title = {WARP: a flexible platform for clean-slate wireless medium access protocol design},
 journal = {SIGMOBILE Mob. Comput. Commun. Rev.},
 issue_date = {January 2008},
 volume = {12},
 number = {1},
 month = jan,
 year = {2008},
 issn = {1559-1662},
 pages = {56--58},
 numpages = {3},
 url = {http://doi.acm.org/10.1145/1374512.1374532},
 doi = {10.1145/1374512.1374532},
 acmid = {1374532},
 publisher = {ACM},
 address = {New York, NY, USA},
}

@INPROCEEDINGS{warp-platform,
author={Amiri, K. and Yang Sun and Murphy, P. and Hunter, C. and Cavallaro, J.R. and Sabharwal, A.}, 
title={WARP, a Unified Wireless Network Testbed for Education and Research}, 
booktitle={International Conference on Microelectronic Systems Education 2007. (MSE '07)}, 
volume={}, 
number={}, 
optpages={53 -54}, 
keywords={configurable platform;cross-layer designs;educational oriented applications;multidisciplinary system designs;network layer protocols;network layer standards;online open-access WARP repository;research oriented applications;scalable platform;unified wireless network testbed;wireless architectures;wireless communication algorithms;protocols;radiocommunication;}, 
doi={10.1109/MSE.2007.91}, 
ISSN={},}

@inproceedings{cmu-mac-sdr,
 author = {Nychis, George and Hottelier, Thibaud and Yang, Zhuocheng and Seshan, Srinivasan and Steenkiste, Peter},
 title = {Enabling MAC protocol implementations on software-defined radios},
 booktitle = {Proceedings of the 6th USENIX Symposium on Networked Systems Design and Implementation 2009},
 series = {(NSDI '09)},
 numpages = {15},
 url = {http://dl.acm.org/citation.cfm?id=1558977.1558984},
 acmid = {1558984},
}

@inproceedings{mote-power,
	author = {Piotrowski, Krzysztof and Langendoerfer, Peter and Peter, Steffen},
	title = {How public key cryptography influences wireless sensor node lifetime},
	booktitle = {Proceedings of the 4th ACM Workshop on Security of Ad Hoc and Sensor Networks 2006},
	series = {(SASN '06)},
	isbn = {1-59593-554-1},
	OPTlocation = {Alexandria, Virginia, USA},
	OPTnumpages = {8},
	OPTurl = {http://doi.acm.org/10.1145/1180345.1180366},
	OPTdoi = {10.1145/1180345.1180366},
	OPTacmid = {1180366},
	OPTpublisher = {ACM},
	OPTaddress = {New York, NY, USA},
	OPTkeywords = {RSA, complexity, cryptography, elliptic curve cryptography, performance, wireless sensor networks},
}

@inproceedings{epic,
	author = {Dutta, Prabal and Taneja, Jay and Jeong, Jaein and Jiang, Xiaofan and Culler, David},
	title = {A building block approach to sensornet systems},
	booktitle = {Proceedings of the 6th ACM conference on Embedded network sensor systems},
	series = {SenSys '08},
	year = {2008},
	isbn = {978-1-59593-990-6},
	location = {Raleigh, NC, USA},
	pages = {267--280},
	numpages = {14},
	url = {http://doi.acm.org/10.1145/1460412.1460439},
	doi = {10.1145/1460412.1460439},
	acmid = {1460439},
	publisher = {ACM},
	address = {New York, NY, USA},
	keywords = {architecture, mote, sensor network, wireless},
}

@misc{AD9288,
	title = {{AD9288: 8-Bit, 40/80/100 MSPS Dual A/D Converter}},
	author = {{Analog Device}},
	howpublished = {\url{http://www.analog.com/static/imported-files/data_sheets/AD9288.pdf}}}

@misc{ADC081S101,
	title = {{ADC081S101: Single Channel, 0.5 to 1 Msps, 8-Bit A/D Converter}},
	author = {{Texas Instruments}},
	howpublished = {\url{http://www.ti.com/lit/ds/symlink/adc081s101.pdf}}}

@misc{AS213,
	title = {{AS213-92: PHEMT GaAs IC SPDT Switch 0.1-3~GHz}},
	author = {{SKYWORKS}},
	howpublished = {\url{http://www.skyworksinc.com/uploads/documents/200193D.pdf}}}

@misc{MAX6061,
	title = {{Precision, Micropower, Low-Dropout, High-Output-Current, SOT23 Voltage References}},
	author = {{MAXIM}},
	howpublished = {\url{http://datasheets.maximintegrated.com/en/ds/MAX6061-MAX6068.pdf}}}

@misc{AG9200S,
	title = {{AG9200-S Power-over-Ethernet Module}},
	author = {{Silvertel}},
	howpublished = {\url{http://www.silvertel.com/DataSheets/Ag9200v1-7.pdf}}}

@misc{smartfusion,
	title = {{SmartFusion: Customizable System-on-Chip (cSoC)}},
	author = {{Microsemi}},
	howpublished = {\url{http://www.actel.com/documents/SmartFusion_DS.pdf}}}

@misc{MAX2831,
	title = {{MAX2831: 2.4GHz to 2.5GHz 802.11g/b RF Transceivers with Integrated PA}},
	author = {Maxim},
	howpublished = {\url{http://datasheets.maxim-ic.com/en/ds/MAX2831-MAX2832.pdf}}}

@misc{PCF2127A,
	title = {{Integrated RTC, TCXO and quartz crystal}},
	author = {NXP},
	howpublished = {\url{http://www.nxp.com/documents/data_sheet/PCF2127A.pdf}}}

@misc{MAX5189,
	title = {{MAX5189: Dual, 8-Bit, 40MHz, Current/Voltage, Simultaneous-Output DACs}},
	author = {{Maxim}},
	howpublished = {\url{http://datasheets.maxim-ic.com/en/ds/MAX5186-MAX5189.pdf}}}

@misc{emcraft,
	title = {Linux SmartFusion},
	author = {{EmCraft}},
	howpublished = {\url{http://www.emcraft.com}}}

@misc{gnuradio,
	title = {{GNU Radio}},
	howpublished = {\url{http://www.gnuradio.org}}}

@misc{vocallo,
    title = {{Vocallo BTS}},
    author = {{Octasic Inc.}}
}

@misc{zynq,
	title = {{ZYNQ-7000: All Programmable SoC}},
	author = {{Xilinx}},
	howpublished = {\url{http://www.xilinx.com/publications/prod_mktg/zynq7000/Product-Brief.pdf}}}

@misc{alteraSOC,
	title = {{Cyclone V SoC FPGA Hard Processor System}},
	author = {{Altera}},
	howpublished = {\url{http://www.altera.com/devices/fpga/cyclone-v-fpgas/hard-processor-system/cyv-soc-hps.html}}}

@misc{igloo,
	title = {{IGLOO Series}},
	author = {{Microsemi}},
	howpublished = {\url{http://www.actel.com/products/iglooseries/default.aspx}}}

@misc{Schmid:802.15.4,
	title = {{GNU Radio 802.15.4 En- and Decoding}},
	author = {Thomas Schmid},
	howpublished = {\url{http://nesl.ee.ucla.edu/fw/thomas/thomas_project_report.pdf}}}

@misc{cmos:rfic,
	title = {CMOS RFIC ARCHITECTURES FOR IEEE 802.15.4 NETWORKS},
	author = {John Notor and Anthony Caviglia and Gary Levy},
	howpublished = {Cadence Design Systems, Inc.}}

@misc{802.15.4.standard,
	title = {{Part 15.4: Wireless Medium Access Control (MAC) and Physical Layer (PHY)
			 Specifications for Low-Rate Wireless Personal Area Networks (WPANs)}},
	author = {{IEEE Computer Society}}}

@misc{usrp:e100,
	title = {{USRP E100}},
	author = {{Ettus Research}},
	howpublished = {\url{https://www.ettus.com/product/details/UE100-KIT}}}

@misc{usrp:n200,
	title = {{USRP N200}},
	author = {{Ettus Research}},
	howpublished = {\url{https://www.ettus.com/product/details/UN200-KIT}}}

@misc{SCA,
	title = {{Software Communications Architecture Specification}},
	author = {{JTRS Standards}},
	howpublished = {\url{http://jpeojtrs.mil/sca/Documents/SCAv4_0/SCA_4.0_20120228_ScaSpecification.pdf}}}

@misc{JTRS,
	title = {{Joint Tactical Radio System}},
	howpublished = {\url{http://jpeojtrs.mil}}}

@inproceedings{szewczyk04gdi,
	author = {Robert Szewczyk and Alan Mainwaring and Joseph Polastre and David Culler},
	title = {An Analysis of a Large Scale Habitat Monitoring Application},
	booktitle = {Proceedings of the 2nd ACM Conference on Embedded Networked Sensor Systems 2004},
	series = {(SenSys '04)},
	optmonth       = Nov,
	optyear        = 2004
}

@techreport{szlavecz06wise,
	author = {Katalin Szlavecz and Andreas Terzis and Stuart Ozer and
				Razvan Musaloiu and Joshua Cogan and Sam Small and
				Randal Burns and Jim Gray and Alex Szalay},
	title = {Life Under Your Feet: An End-to-End Soil Ecology Sensor
				Network, Database, Web Server, and Analysis Service},
	optyear = {2006},
	institution = {Microsoft Research},
	number = "Microsoft Technical Report MSR TR 2006 90",
}

@inproceedings{dutta07procrastinate,
	author = {Prabal Dutta and David Culler and Scott Shenker},
	title = {Procrastination might lead to a longer and more useful life},
 	booktitle = {Proceedings of the 6th ACM SIGCOMM Workshop on Hot Topics in Networks 2007},
 	series = {(Hotnets '07)},
}

@inproceedings{mitola2000sdr,
	title={{SDR} architecture refinement for {JTRS}},
	author={Mitola III, J.},
	booktitle={Proceedings of 21st Century Military Communications Conference 2000},
	series = {(MILCOM '00)},
}

@ARTICLE{patridge:SDR,
    AUTHOR = "Craig Patridge",
    TITLE = "Realizing the Future of Wireless Data Communications",
    JOURNAL = "COMMUNICATIONS OF THE ACM",
    VOLUME = {54},
    NUMBER = {9},
    PAGES = {62-68},
    MONTH = "September",
    YEAR = "2011"   }


@inproceedings{2010.amac,
	author = {Prabal Dutta and Stephen Dawson-Haggerty and Yin Chen and Chieh-Jan Mike Liang and Andreas Terzis},
	title = {Design and Evaluation of a Versatile and Efficient Receiver-Initiated Link Layer for Low Power Wireless},
	booktitle = {Proceedings of the 8th ACM Conference on Embedded Networked Sensor Systems 2010},
	series = {(SenSys '10)},
	}

@inproceedings{zero_copy,
	author = {Fredrik \"{O}sterlind and Adam Dunkels},
	title = {Approaching the maximum 802.15.4 multi-hop throughput},
	booktitle = {Proceedings of the 5th ACM Workship on Embedded Networked Sensors 2008},
	series = {(HotEmNets '08)},
}

@inproceedings{syn:broadcast,
	author = {Sze-Yao Ni and Yu-Chee Tseng and Yuh-Shyan Chen and Jang-Ping Sheu},
	title = {The Broadcast Storm Problem in a Mobile Ad Hoc Network},
	booktitle = {Proceedings of the 5th ACM/IEEE Annual International Conference on Mobile Computing and Networking 1999},
	series = {(MobiCom '99)},
	}

@INPROCEEDINGS{ ferrari:efficient,
	AUTHOR = "Federico Ferrari and Marco Zimmerling and Lothar Thiele and Olga Saukh",
	TITLE = "Efficient network flooding and time synchronization with Glossy.",
	booktitle = "Proceedings of the 10th International Conference on Information Processing in Sensor Networks 2011",
	series = {(IPSN '11)},
}

@inproceedings{dutta:ack_collision,
	author = {Prabal Dutta and R\u{a}zvan Mus\u{a}loiu-E and Ion Stoica and Andreas Terzis},
	title = {Wireless ACK Collisions Not Considered Harmful},
 	booktitle = {Proceedings of the 7th ACM SIGCOMM Workshop on Hot Topics in Networks 2008},
 	series = {(Hotnets '08)},
	}

